@book{Tanenbaum:2007:MOS:1410217,
 author = {Tanenbaum, Andrew S.},
 title = {Modern Operating Systems},
 year = {2007},
 isbn = {9780136006633},
 edition = {3rd},
 publisher = {Prentice Hall Press},
 address = {Upper Saddle River, NJ, USA},
}

@misc{Ramey:2004:Boost:Serialization,
author = {Ramey, Robert and Troyer, Matthias},
title = {Boost Seriliazation},
year = {2002-2006},
url = {http://www.boost.org/doc/libs/1_52_0/libs/serialization/doc/index.html}
}

@misc{Gregor:2005:Boost:MPI,
author = {Gregor, Doublas},
title = {Boost MPI},
year = {2005},
url = {http://www.boost.org/doc/libs/1_52_0/doc/html/mpi.html}
}


@misc{CPP:Threads
url = {http://en.cppreference.com/w/cpp/thread}
}

@misc{HPX:TOBE
author = {Adelstein-Lelbach, B. Anderson, M. and Kaiser, H.}
title = {HPX: A C++ Standards Compliant Runtime System For Asynchronous Parallel And Distributed Computing}
year = {2013}
url = {http://stellar.cct.lsu.edu/info/publications}
}

@inproceedings{Dinan:2011:NCC:2042476.2042508,
 author = {Dinan, James and Krishnamoorthy, Sriram and Balaji, Pavan and Hammond, Jeff R. and Krishnan, Manojkumar and Tipparaju, Vinod and Vishnu, Abhinav},
 title = {Noncollective communicator creation in MPI},
 booktitle = {Proceedings of the 18th European MPI Users' Group conference on Recent advances in the message passing interface},
 series = {EuroMPI'11},
 year = {2011},
 isbn = {978-3-642-24448-3},
 location = {Santorini, Greece},
 pages = {282--291},
 numpages = {10},
 url = {http://dl.acm.org/citation.cfm?id=2042476.2042508},
 acmid = {2042508},
 publisher = {Springer-Verlag},
 address = {Berlin, Heidelberg},
} 

@INPROCEEDINGS{Beckman96tulip:a,
    author = {Peter Beckman and Dennis Gannon},
    title = {Tulip: A portable run-time system for object-parallel systems},
    booktitle = {Proceedings of the 10th International Parallel Processing Symposium},
    year = {1996},
    pages = {532--536}
}

@ARTICLE{Foster96thenexus,
    author = {Ian Foster and Carl Kesselman and Steven Tuecke},
    title = {The Nexus Approach to Integrating Multithreading and Communication},
    journal = {Journal of Parallel and Distributed Computing},
    year = {1996},
    volume = {37},
    pages = {70--82}
}

@INPROCEEDINGS{Nikolopoulos_thetrade-off,
    author = {Dimitrios S. Nikolopoulos and Eduard Ayguade and Theodore S. Papatheodorou and Constantine D. Polychronopoulos and Jesus Labarta},
    title = {The Trade-off between Implicit and Explicit Data Distribution in Shared-Memory Programming Paradigms},
    booktitle = {In Proc. of the 15th ACM International Conference on Supercomputing (ICSâ€™2001},
    year = {},
    pages = {23--37}
}

@INPROCEEDINGS{Nieplocha99armci:a,
    author = {Jarek Nieplocha and Bryan Carpenter},
    title = {ARMCI: A Portable Remote Memory Copy Library for Distributed Array Libraries and Compiler Run-Time Systems},
    booktitle = {Lecture Notes in Computer Science},
    year = {1999},
    pages = {533--546},
    publisher = {Springer-Verlag}
}

@article{vonEicken:1992:AMM:146628.140382,
 author = {von Eicken, Thorsten and Culler, David E. and Goldstein, Seth Copen and Schauser, Klaus Erik},
 title = {Active messages: a mechanism for integrated communication and computation},
 journal = {SIGARCH Comput. Archit. News},
 issue_date = {May 1992},
 volume = {20},
 number = {2},
 month = apr,
 year = {1992},
 issn = {0163-5964},
 pages = {256--266},
 numpages = {11},
 url = {http://doi.acm.org/10.1145/146628.140382},
 doi = {10.1145/146628.140382},
 acmid = {140382},
 publisher = {ACM},
 address = {New York, NY, USA},
} 

@inproceedings{Tanase:2011:SPC:1941553.1941586,
 author = {Tanase, Gabriel and Buss, Antal and Fidel, Adam and Harshvardhan, Harshvardhan and Papadopoulos, Ioannis and Pearce, Olga and Smith, Timmie and Thomas, Nathan and Xu, Xiabing and Mourad, Nedal and Vu, Jeremy and Bianco, Mauro and Amato, Nancy M. and Rauchwerger, Lawrence},
 title = {The STAPL parallel container framework},
 booktitle = {Proceedings of the 16th ACM symposium on Principles and practice of parallel programming},
 series = {PPoPP '11},
 year = {2011},
 isbn = {978-1-4503-0119-0},
 location = {San Antonio, TX, USA},
 pages = {235--246},
 numpages = {12},
 url = {http://doi.acm.org/10.1145/1941553.1941586},
 doi = {10.1145/1941553.1941586},
 acmid = {1941586},
 publisher = {ACM},
 address = {New York, NY, USA},
 keywords = {containers, data, languages, libraries, parallel, structures},
} 

@article{Saunders:2003:AAP:966049.781534,
 author = {Saunders, Steven and Rauchwerger, Lawrence},
 title = {ARMI: an adaptive, platform independent communication library},
 journal = {SIGPLAN Not.},
 issue_date = {October 2003},
 volume = {38},
 number = {10},
 month = jun,
 year = {2003},
 issn = {0362-1340},
 pages = {230--241},
 numpages = {12},
 url = {http://doi.acm.org/10.1145/966049.781534},
 doi = {10.1145/966049.781534},
 acmid = {781534},
 publisher = {ACM},
 address = {New York, NY, USA},
 keywords = {MPI, OpenMP, Pthreads, RMI, RPC, communication library, parallel programming, run-time system},
} 

@inproceedings{Shah:1998:PEL:876880.879642,
 author = {Shah, G. and Bender, C.},
 title = {Performance and Experience with LAPI -- A New High-Performance Communication Library for the IBM RS/6000 SP},
 booktitle = {Proceedings of the 12th. International Parallel Processing Symposium on International Parallel Processing Symposium},
 series = {IPPS '98},
 year = {1998},
 pages = {260--},
 url = {http://dl.acm.org/citation.cfm?id=876880.879642},
 acmid = {879642},
 publisher = {IEEE Computer Society},
 address = {Washington, DC, USA},
}

@inproceedings{Chapman:2010:IOS:2020373.2020375,
 author = {Chapman, Barbara and Curtis, Tony and Pophale, Swaroop and Poole, Stephen and Kuehn, Jeff and Koelbel, Chuck and Smith, Lauren},
 title = {Introducing OpenSHMEM: SHMEM for the PGAS community},
 booktitle = {Proceedings of the Fourth Conference on Partitioned Global Address Space Programming Model},
 series = {PGAS '10},
 year = {2010},
 isbn = {978-1-4503-0461-0},
 location = {New York, New York},
 pages = {2:1--2:3},
 articleno = {2},
 numpages = {3},
 url = {http://doi.acm.org/10.1145/2020373.2020375},
 doi = {10.1145/2020373.2020375},
 acmid = {2020375},
 publisher = {ACM},
 address = {New York, NY, USA},
 keywords = {ACM proceedings, OpenSHMEM, PGAS, SHMEM},
} 



