@book{Tanenbaum:2007:MOS:1410217,
 author = {Tanenbaum, Andrew S.},
 title = {Modern Operating Systems},
 year = {2007},
 isbn = {9780136006633},
 edition = {3rd},
 publisher = {Prentice Hall Press},
 address = {Upper Saddle River, NJ, USA},
}

@misc{Ramey:2004:Boost:Serialization,
author = {Ramey, Robert and Troyer, Matthias},
title = {Boost Seriliazation},
year = {2002-2006},
url = {http://www.boost.org/doc/libs/1_52_0/libs/serialization/doc/index.html}
}

@misc{Gregor:2005:Boost:MPI,
author = {Gregor, Doublas},
title = {Boost MPI},
year = {2005},
url = {http://www.boost.org/doc/libs/1_52_0/doc/html/mpi.html}
}


@misc{CPP:Threads
url = {http://en.cppreference.com/w/cpp/thread}
}

@inproceedings{Dinan:2011:NCC:2042476.2042508,
 author = {Dinan, James and Krishnamoorthy, Sriram and Balaji, Pavan and Hammond, Jeff R. and Krishnan, Manojkumar and Tipparaju, Vinod and Vishnu, Abhinav},
 title = {Noncollective communicator creation in MPI},
 booktitle = {Proceedings of the 18th European MPI Users' Group conference on Recent advances in the message passing interface},
 series = {EuroMPI'11},
 year = {2011},
 isbn = {978-3-642-24448-3},
 location = {Santorini, Greece},
 pages = {282--291},
 numpages = {10},
 url = {http://dl.acm.org/citation.cfm?id=2042476.2042508},
 acmid = {2042508},
 publisher = {Springer-Verlag},
 address = {Berlin, Heidelberg},
} 
